<record><leader>00000cas a22000007a 4500</leader><controlfield tag="001">22650670</controlfield><controlfield tag="008">901108d193519uumauwr ne      0    0eng d</controlfield><datafield ind1=" " ind2=" " tag="010"><subfield code="a">sn 89062535 </subfield></datafield><datafield ind1=" " ind2=" " tag="040"><subfield code="a">MGN</subfield><subfield code="b">eng</subfield><subfield code="c">MGN</subfield><subfield code="d">OCLCQ</subfield></datafield><datafield ind1=" " ind2=" " tag="042"><subfield code="a">msc</subfield></datafield><datafield ind1="0" ind2="4" tag="245"><subfield code="a">The Spectator and Bristol County farm journal.</subfield></datafield><datafield ind1=" " ind2=" " tag="260"><subfield code="a">Somerset, Mass. :</subfield><subfield code="b">Spectator Press</subfield></datafield><datafield ind1=" " ind2=" " tag="300"><subfield code="a">v.</subfield></datafield><datafield ind1=" " ind2=" " tag="310"><subfield code="a">Weekly</subfield></datafield><datafield ind1="0" ind2=" " tag="362"><subfield code="a">Vol. 4, no. 12 (Mar. 28, 1935)-</subfield></datafield><datafield ind1=" " ind2=" " tag="752"><subfield code="a">United States</subfield><subfield code="b">Massachusetts</subfield><subfield code="c">Bristol</subfield><subfield code="d">Somerset.</subfield></datafield><datafield ind1="0" ind2="0" tag="780"><subfield code="t">Spectator (Somerset, Mass. : 1932)</subfield><subfield code="w">(DLC)sn 89062534</subfield></datafield><datafield ind1="0" ind2="0" tag="785"><subfield code="t">Spectator (Somerset, Mass. : 1942)</subfield><subfield code="w">(DLC)sn 89062536</subfield></datafield></record>